% Author = dyfmeks
% Date = 20/05/2024

@book{cja,
    author    = {Richard B. Chase and F. Robert Jacobs and Nicholas J. Aquilano},
    editor    = {McGraw-Hill},
    publisher = {McGraw-Hill},
    title     = {Administración de Operaciones Producción y Cadena de Suministros},
    year      = {2009}
}

@book{om,
    author    = {James A. O'Brien and George M. Marakas},
    editor    = {McGraw-Hill},
    publisher = {McGraw-Hill},
    title     = {Sistemas de Información Gerencial},
    year      = {2006}
}

@book{ll,
    author    = {Kenneth C. Laudon and Jane P. Laudon},
    editor    = {Pearson Educación},
    publisher = {PEARSON},
    title     = {Sistemas de Información Gerencial},
    year      = {2012}
}