%! Author = dyfmeks
%! Date = 20/05/2024

